<?xml version="1.0" encoding="UTF-8"?><record xmlns="http://www.loc.gov/MARC21/slim" xmlns:cinclude="http://apache.org/cocoon/include/1.0" xmlns:zs="http://www.loc.gov/zing/srw/">
  <leader>00625nz  a2200157n  4500</leader>
  <controlfield tag="001">no2011194366</controlfield>
  <controlfield tag="003">DLC</controlfield>
  <controlfield tag="005">20111218075243.0</controlfield>
  <controlfield tag="008">111216n| acannaabn          |a ana      </controlfield>
  <datafield tag="010" ind1=" " ind2=" ">
    <subfield code="a">no2011194366</subfield>
  </datafield>
  <datafield tag="035" ind1=" " ind2=" ">
    <subfield code="a">(OCoLC)oca09066500</subfield>
  </datafield>
  <datafield tag="040" ind1=" " ind2=" ">
    <subfield code="a">DLC-S</subfield>
    <subfield code="b">eng</subfield>
    <subfield code="c">DLC-S</subfield>
  </datafield>
  <datafield tag="110" ind1="2" ind2=" ">
    <subfield code="a">Imo State University.</subfield>
    <subfield code="b">Development Studies Research Group</subfield>
  </datafield>
  <datafield tag="410" ind1="2" ind2=" ">
    <subfield code="a">Development Studies Research Group (Imo State University)</subfield>
  </datafield>
  <datafield tag="410" ind1="2" ind2=" ">
    <subfield code="a">DESREG</subfield>
  </datafield>
  <datafield tag="670" ind1=" " ind2=" ">
    <subfield code="a">Mgbako, Sept. 2009:</subfield>
    <subfield code="b">t.p. (Development Studies Research Group (DESREG) p. 147 (a publication of Development Studies Research Group (DESREG), Imo State University, Owerri, Imo State, Nigeria)</subfield>
  </datafield>
</record>